@article{gagliardi2019international,
  title = {The international race towards Exascale in Europe},
  author = {Gagliardi, Fabrizio and Moreto, Miquel and Olivieri, Mauro and Valero, Mateo},
  year = 2019,
  journal = {CCF Transactions on High Performance Computing},
  publisher = {Springer},
  pages = {1--11},
}
@article{gropp1996high,
  title = {A high-performance, portable implementation of the MPI message passing interface standard},
  author = {Gropp, William and Lusk, Ewing and Doss, Nathan and Skjellum, Anthony},
  year = 1996,
  journal = {Parallel computing},
  publisher = {North-Holland},
  volume = 22,
  number = 6,
  pages = {789--828},
}


@article{mirSoundCollesslikeBalance2018,
	title = {Sound Colless-like balance indices for multifurcating trees},
	volume = {13},
	issn = {1932-6203},
	url = {https://journals.plos.org/plosone/article?id=10.1371/journal.pone.0203401},
	doi = {10.1371/journal.pone.0203401},
	pages = {e0203401},
	number = {9},
	journaltitle = {{PLOS} {ONE}},
	shortjournal = {{PLOS} {ONE}},
	author = {Mir, Arnau and Rotger, Lucía and Rosselló, Francesc},
	urldate = {2023-03-13},
	date = {2018-09-25},
	year = 2018,
	langid = {english},
	note = {Publisher: Public Library of Science},
	keywords = {Language, Leaves, Normal distribution, Phylogenetic analysis, Polynomials, Real numbers, Statistical distributions, Trees}
}


@article{tuckerGuidePhylogeneticMetrics2017,
	title = {A guide to phylogenetic metrics for conservation, community ecology and macroecology},
	volume = {92},
	issn = {1469-185X},
	url = {http://onlinelibrary.wiley.com/doi/10.1111/brv.12252/abstract},
	doi = {10.1111/brv.12252},
	pages = {698--715},
	number = {2},
	journaltitle = {Biological Reviews},
	shortjournal = {Biol Rev},
	author = {Tucker, Caroline M. and Cadotte, Marc W. and Carvalho, Silvia B. and Davies, T. Jonathan and Ferrier, Simon and Fritz, Susanne A. and Grenyer, Rich and Helmus, Matthew R. and Jin, Lanna S. and Mooers, Arne O. and Pavoine, Sandrine and Purschke, Oliver and Redding, David W. and Rosauer, Dan F. and Winter, Marten and Mazel, Florent},
	urldate = {2018-01-21},
	date = {2017-05-01},
	year = 2017,
	langid = {english},
	keywords = {community assembly, biogeography, conservation, range size, biodiversity hotspots, diversity metrics, evolutionary history, phylogenetic diversity, prioritization}
}


@article{isaacMammalsEDGEConservation2007,
	title = {Mammals on the {EDGE}: Conservation Priorities Based on Threat and Phylogeny},
	volume = {2},
	issn = {1932-6203},
	url = {http://journals.plos.org/plosone/article?id=10.1371/journal.pone.0000296},
	doi = {10.1371/journal.pone.0000296},
	shorttitle = {Mammals on the {EDGE}},
	pages = {e296},
	number = {3},
	journaltitle = {{PLOS} {ONE}},
	shortjournal = {{PLOS} {ONE}},
	author = {Isaac, Nick J. B. and Turvey, Samuel T. and Collen, Ben and Waterman, Carly and Baillie, Jonathan E. M.},
	urldate = {2018-01-09},
	date = {2007-03-14},
	year = 2007,
	langid = {english},
	keywords = {Animal phylogenetics, Conservation genetics, Conservation science, Endangered species, Mammals, Species diversity, Species extinction, Taxonomy}
}
